%
% This is file `coppe.bib'.
%
% Bibliographic references for the documentation.
%
% Copyright (C) 2011 CoppeTeX Project and any individual authors listed
% elsewhere in this file.
%
% This program is free software; you can redistribute it and/or modify
% it under the terms of the GNU General Public License version 3 as
% published by the Free Software Foundation.
%
% This program is distributed in the hope that it will be useful,
% but WITHOUT ANY WARRANTY; without even the implied warranty of
% MERCHANTABILITY or FITNESS FOR A PARTICULAR PURPOSE. See the
% GNU General Public License version 3 for more details.
%
% You should have received a copy of the GNU General Public License
% version 3 along with this package (see COPYING file).
% If not, see <http://www.gnu.org/licenses/>.
%
% $URL: https://coppetex.svn.sourceforge.net/svnroot/coppetex/trunk/coppe.bib $
% $Id: coppe.bib 118 2008-10-18 14:17:06Z helano $
%
% Author(s): Vicente H. F. Batista
%            George O. Ainsworth Jr.
%

@misc{moreno-hft,
	title = {Robôs operando na velocidade da luz: conheça o High Frequency Trading},
    author = "Felipe Moreno",
    howpublished = {\url{https://www.infomoney.com.br/mercados/noticia/2376689/robos-operando-velocidade-luz-conheca-high-frequency-trading}},
    note = {Acessado em Fevereiro/2019},
    year = {2012}
}

@misc{parceiros-dma,
	title = {Trader, não deixe que te enganem sobre DMA},
    author = "Parceiros InfoMoney",
    howpublished = {\url{https://www.infomoney.com.br/conteudo-patrocinado/xpi/noticia/6946952/trader-nao-deixe-que-enganem-sobre-dma}},
    note = {Acessado em Fevereiro/2019},
    year = {2017}
}

@misc{barreto-mercado-capitais,
	title = {Você sabe a importância do mercado de capitais?},
    author = "Renata Barreto",
    howpublished = {\url{https://www.infomoney.com.br/blogs/economia-e-politica/economia-com-renata-barreto/post/5454164/voce-sabe-importancia-mercado-capitais}},
    note = {Acessado em Fevereiro/2019},
    year = {2016}
}

@misc{pwc-ipo,
	title = {Como abrir o capital da sua empresa no Brasil (IPO)},
    author = "PwC Brasil",
    howpublished = {\url{http://vemprabolsa.com.br/wp-content/uploads/2016/06/Guia-abertura-de-capital-\%E2\%80\%93-BMFBOVESPA-e-PricewaterhouseCoopers.pdf}},
    note = {Acessado em Fevereiro/2019},
    year = {2015}
}

@ARTICLE{chaboud-hft,
   author = "Alain Chaboud, Benjamin Chiquoine, Erik Hjalmarsson, Clara Vega",
   title = {Rise of the Machines: Algorithmic Trading in the Foreign Exchange Market},
   journal = {Federal Reserve System International Finance Discussion Papers},
   volume = {1},
   number = {980},
   pages = {1--3},
   month = oct,
   year = 2009,
}

@ARTICLE{gomber-hft,
   author = "Peter Gomber, Björn Arndt, Marco Lutat, Tim Uhle",
   title = {High-Frequency Trading},
   volume = {1},
   number = {SSRN 1858626},
   pages = {13--15},
   year = 2011
}

@MASTERSTHESIS{everton-silva-master,
   author = "EVERTON JOSUÉ DA SILVA",
   title = "MODELAGEM E APLICAÇÃO DE TÉCNICAS DE APRENDIZADO DE MÁQUINA PARA NEGOCIAÇÃO EM ALTA FREQUÊNCIA EM BOLSA DE VALORES",
   school = "Universidade Federal de Minas Gerais",
   type = "Dissertação de Mestrado",
   address = "Belo Horizonte",
   year = 2015
}

@misc{sma-indicator,
	title = {Simple Moving Average - SMA Definition},
    author = "ADAM HAYES",
    howpublished = {\url{https://www.investopedia.com/terms/s/sma.asp}},
    note = {Acessado em Fevereiro/2019},
    year = {2019}
}

@misc{rsi-indicator,
	title = {Relative Strength Index (RSI)},
    author = "Stock Charts",
    howpublished = {\url{https://stockcharts.com/school/doku.php?id=chart_school:technical_indicators:relative_strength_index_rsi}},
    note = {Acessado em Fevereiro/2019}
}

@misc{bollinger-indicator,
	title = {Como usar Bandas de Bollinger?},
    author = "Mateus Lana",
    howpublished = {\url{https://smarttbot.com/blog/como-usar-bandas-de-bollinger/}},
    year = 2016,
    note = {Acessado em Fevereiro/2019}
}

@misc{macd-indicator,
	title = {Moving Average Convergence Divergence - MACD Definition},
    author = "Adam Hayes",
    howpublished = {\url{https://www.investopedia.com/terms/m/macd.asp}},
    year = 2019,
    note = {Acessado em Fevereiro/2019}
}

@misc{adx-indicator,
	title = {Average Directional Index (ADX)},
    author = "Stock Charts",
    howpublished = {\url{https://stockcharts.com/school/doku.php?id=chart_school:technical_indicators:average_directional_index_adx}},
    year = 2018,
    note = {Acessado em Fevereiro/2019}
}

@misc{atr-indicator,
	title = {Average True Range - ATR Definition},
    author = "Adam Hayes",
    howpublished = {\url{https://www.investopedia.com/terms/a/atr.asp}},
    year = 2019,
    note = {Acessado em Fevereiro/2019}
}

@misc{cci-indicator,
	title = {Commodity Channel Index (CCI)},
    author = "Stock Charts",
    howpublished = {\url{https://stockcharts.com/school/doku.php?id=chart_school:technical_indicators:commodity_channel_index_cci}},
    year = 2019,
    note = {Acessado em Fevereiro/2019}
}

@misc{cmo-indicator,
	title = {Chande Momentum Oscillator Definition},
    author = "James Chen",
    howpublished = {\url{https://www.investopedia.com/terms/c/chandemomentumoscillator.asp}},
    year = 2019,
    note = {Acessado em Fevereiro/2019}
}

@article{scikit-learn,
 title={Scikit-learn: Machine Learning in {P}ython},
 author={Pedregosa, F. and Varoquaux, G. and Gramfort, A. and Michel, V.
         and Thirion, B. and Grisel, O. and Blondel, M. and Prettenhofer, P.
         and Weiss, R. and Dubourg, V. and Vanderplas, J. and Passos, A. and
         Cournapeau, D. and Brucher, M. and Perrot, M. and Duchesnay, E.},
 journal={Journal of Machine Learning Research},
 volume={12},
 pages={2825--2830},
 year={2011}
}

@misc{mlp-model,
	title = {1.17. Neural network models (supervised)},
    author = "Pedregosa, F. and Varoquaux, G. and Gramfort, A. and Michel, V.
         and Thirion, B. and Grisel, O. and Blondel, M. and Prettenhofer, P.
         and Weiss, R. and Dubourg, V. and Vanderplas, J. and Passos, A. and
         Cournapeau, D. and Brucher, M. and Perrot, M. and Duchesnay, E.",
    howpublished = {\url{https://scikit-learn.org/stable/modules/neural_networks_supervised.html}},
    note = {Acessado em Fevereiro/2019}
}

@misc{petr4-intro,
	title = {Como comprar as ações da Petrobras, passo a passo},
    author = "Júlia Miozzo",
    howpublished = {\url{https://www.infomoney.com.br/onde-investir/acoes/noticia/7652938/como-comprar-as-acoes-da-petrobras-passo-a-passo}},
    year={2018},
    note = {Acessado em Fevereiro/2019}
}

@BOOK{book-example,
   author = "R. Abraham and J. E. Marsden and T. Ratiu",
   title = "Manifolds, Tensor Analysis, and Applications",
   edition = "2",
   address = "New York",
   publisher = "Springer-Verlag",
   year = "1988",
}

@ARTICLE{article-example,
   author = "D. Iesan",
   title = {Existence Theorems in the Theory of Mixtures},
   journal = {Journal of Elasticity},
   volume = {42},
   number = {2},
   pages = {145--163},
   month = feb,
   year = 1996,
}

@TECHREPORT{techreport-exampleIn,
  author = "D. A. Garret",
  title = "The Microscopic Detection of Corrosion in Aluminum Aircraft Structures with Thermal Neutron Beams and Film Imaging Methods",
  type = "In: Report",
  number = "NBSIR 78-1434",
  institution = "National Bureau of Standards",
  address = "Washington, D.C.",
  year = "1977",
}

@TECHREPORT{techreport-example,
   author = "L. Maestrello",
   title = "Two-Point Correlations of Sound Pressure in the Far Field of a Jet: Experiment",
   type = "{NASA}",
   number = "{TM}~{X}-72835",
   year = 1976,
}

@INPROCEEDINGS{inproceedings-example,
   author = "M. E. Gurtin",
   title = "On the nonlinear theory of elasticity",
   booktitle = "Proceedings of the International Symposium on Continuum Mechanics and Partial Differential Equations: Contemporary Developments in Continuum Mechanics and Partial Differential Equations",
   pages = "237-253",
   address = "Rio de Janeiro",
   month = aug,
   year = 1977,
}


@INCOLLECTION{incollection-example,
   author = "S. C. Cowin",
   title = "Adaptive Anisotropy: An Example in Living Bone",
   booktitle = "Non-Classical Continuum Mechanics",
   series = "London Mathematical Society Lecture Note Series",
   volume = "122",
   publisher = "Cambridge University Press",
   pages = "174--186",
   year = 1987,
}

@INBOOK{inbook-example,
   author = "D. K. Edwards",
   title = "Thermal Radiation Measurements",
   address = "New York, USA",
   booktitle = "Measurements in Heat Transfer",
   publisher = "Hemisphere Publishing Corporation",
   editor = "E. R. G. Eckert and R. J. Goldstein",
   edition = 2,
   year = "1976",
   chapter = "10",
}

@MASTERSTHESIS{mastersthesis-example,
   author = "A. Tuntomo",
   title = "Transport Phenomena in a Small Particle with Internal Radiant Absorption",
   school = "University of California at Berkeley",
   type = "{Ph.D.} dissertation",
   address = "Berkeley, California, USA",
   year = 1990,
}

@PHDTHESIS{phdthesis-example,
   author = "Paes~Junior, H. R.",
   title = "Influ{\^e}ncia da Espessura da Camada Intr{\'i}nseca e Energia do Foton na Degrada{\c c}\~ao de C{\'e}lulas Solares de Sil{\'i}cio Amorfo Hidrogenado",
   school = "COPPE/UFRJ",
   address = "Rio de Janeiro, RJ, Brasil",
   type = "Tese de {D.Sc.}",
   year = 1994,
}
